% This file was created with JabRef 2.9.2.
% Encoding: Cp1252

@INPROCEEDINGS{Feng2012,
  author = {Feng, Song and Xing, Longfei and Gogar, Anupam and Choi, Yejin},
  title = {Distributional Footprints of Deceptive Product Reviews.},
  booktitle = {ICWSM},
  year = {2012},
  editor = {Breslin, John G. and Ellison, Nicole B. and Shanahan, James G. and
	Tufekci, Zeynep},
  publisher = {The AAAI Press},
  added-at = {2012-06-13T00:00:00.000+0200},
  biburl = {http://www.bibsonomy.org/bibtex/227af6828d2525c6f2a8621104e48310d/dblp},
  crossref = {conf/icwsm/2012},
  ee = {http://www.aaai.org/ocs/index.php/ICWSM/ICWSM12/paper/view/4675},
  interhash = {8f57a1c00a39679a60c24cb58af9edfb},
  intrahash = {27af6828d2525c6f2a8621104e48310d},
  keywords = {dblp},
  timestamp = {2012-06-13T00:00:00.000+0200},
  url = {http://dblp.uni-trier.de/db/conf/icwsm/icwsm2012.html#FengXGC12}
}

@INPROCEEDINGS{Ankerst99,
  author = {Mihael Ankerst and Markus M. Breunig and Hans-peter Kriegel and Jörg
	Sander},
  title = {OPTICS: Ordering Points To Identify the Clustering Structure},
  year = {1999},
  pages = {49--60},
  publisher = {ACM Press}
}

@ARTICLE{Blei2012,
  author = {Blei, David M.},
  title = {Probabilistic Topic Models},
  journal = {Commun. ACM},
  year = {2012},
  volume = {55},
  pages = {77--84},
  number = {4},
  month = apr,
  acmid = {2133826},
  address = {New York, NY, USA},
  doi = {10.1145/2133806.2133826},
  issn = {0001-0782},
  issue_date = {April 2012},
  numpages = {8},
  publisher = {ACM},
  url = {http://doi.acm.org/10.1145/2133806.2133826}
}

@ARTICLE{Blei:2003:LDA:944919.944937,
  author = {Blei, David M. and Ng, Andrew Y. and Jordan, Michael I.},
  title = {Latent dirichlet allocation},
  journal = {Journal of Machine Learning Research},
  year = {2003},
  volume = {3},
  acmid = {944937},
  doi = {http://dx.doi.org/10.1162/jmlr.2003.3.4-5.993},
  issn = {1532-4435},
  publisher = {JMLR.org},
  url = {http://dx.doi.org/10.1162/jmlr.2003.3.4-5.993}
}

@TECHREPORT{Budanitsky1999,
  author = {Budanitsky, A.},
  title = {Lexical Semantic Relatedness and Its Application in Natural Language
	Processing},
  institution = { Computer Systems Research Group, University of Toronto},
  year = { 1999},
  type = { Technical Report},
  number = { CSRG-390},
  added-at = {2012-03-20T05:00:52.000+0100},
  biburl = {http://www.bibsonomy.org/bibtex/2df78035d45dae0cf0d7138e8da4ba305/wyswilson},
  interhash = {c1134f01f529678b9befbcc26acbea77},
  intrahash = {df78035d45dae0cf0d7138e8da4ba305},
  keywords = {imported},
  timestamp = {2012-03-20T05:00:52.000+0100},
  url = {/brokenurl# http://publication.wilsonwong.me/load.php?id=233281600}
}

@MISC{DBSCAN-Illustration,
  author = {Wikimedia Commons},
  title = {DBSCAN-Illustration.svg},
  year = {2011},
  url = {http://upload.wikimedia.org/wikipedia/commons/thumb/a/af/DBSCAN-Illustration.svg/2000px-DBSCAN-Illustration.svg.png},
  urlseen = {19-03-14}
}

@MISC{Consumerist2010,
  author = {Consumerist},
  title = {30 Ways You Can Spot Fake Online Reviews},
  year = {2010},
  lastchecked = {20-02-2014},
  url = {http://consumerist.com/2010/04/14/how-you-spot-fake-online-reviews}
}

@ARTICLE{dagan1999similarity,
  author = {Dagan, Ido and Lee, Lillian and Pereira, Fernando CN},
  title = {Similarity-based models of word cooccurrence probabilities},
  journal = {Machine Learning},
  year = {1999},
  volume = {34},
  pages = {43--69},
  number = {1-3},
  publisher = {Springer}
}

@INPROCEEDINGS{Ester96,
  author = {Martin Ester and Hans-peter Kriegel and Jörg S and Xiaowei Xu},
  title = {A density-based algorithm for discovering clusters in large spatial
	databases with noise},
  year = {1996},
  pages = {226--231},
  publisher = {AAAI Press}
}

@MISC{EuroWordNet,
  author = {EuroWordNet},
  title = {EuroWordNet},
  year = {2001},
  lastchecked = {20-02-2014},
  url = {http://www.illc.uva.nl/EuroWordNet/}
}

@INPROCEEDINGS{Fei2013,
  author = {Fei, Geli and Mukherjee, Arjun and Liu, Bing and Hsu, Meichun and
	Castellanos, Malu and Ghosh, Riddhiman},
  title = {Exploiting Burstiness in Reviews for Review Spammer Detection},
  booktitle = {Seventh International AAAI Conference on Weblogs and Social Media},
  year = {2013}
}

@MISC{Forbes2013,
  author = {Forbes},
  title = {Fake Nautical Restaurant On Tripadvisor Gets Glowing Reviews},
  year = {2013},
  note = {Grant Martin},
  lastchecked = {20-02-2014},
  url = {http://www.forbes.com/sites/grantmartin/2013/07/29/fake-restaurant-on-tripadvisor-gets-glowing-reviews}
}

@MISC{IKVMNET,
  author = {Jeroen Frijters},
  title = {IKVM.NET},
  year = {2013},
  lastchecked = {20-02-2014},
  url = {http://www.ikvm.net/}
}

@MISC{Gartner2013,
  author = {Gartner},
  title = {Solve the Problem of Fake Online Reviews or Lose Credibility With
	Consumers},
  year = {2013},
  lastchecked = {20-02-2014},
  url = {http://www.gartner.com/id=2313315}
}

@MISC{Gartner2012,
  author = {Gartner},
  title = {Gartner Says By 2014, 10-15 Percent of Social Media Reviews to Be
	Fake, Paid for By Companies},
  year = {2012},
  lastchecked = {20-02-2014},
  url = {http://www.gartner.com/newsroom/id/2161315}
}

@ARTICLE{WEKA,
  author = {Hall, Mark and Frank, Eibe and Holmes, Geoffrey and Pfahringer, Bernhard
	and Reutemann, Peter and Witten, Ian H.},
  title = {The WEKA Data Mining Software: An Update},
  journal = {SIGKDD Explor. Newsl.},
  year = {2009},
  volume = {11},
  pages = {10--18},
  number = {1},
  month = nov,
  acmid = {1656278},
  address = {New York, NY, USA},
  doi = {10.1145/1656274.1656278},
  issn = {1931-0145},
  issue_date = {June 2009},
  numpages = {9},
  publisher = {ACM}
}

@INPROCEEDINGS{Jindal2008,
  author = {Jindal, Nitin and Liu, Bing},
  title = {Opinion Spam and Analysis},
  booktitle = {Proceedings of the 2008 International Conference on Web Search and
	Data Mining},
  year = {2008},
  series = {WSDM '08},
  pages = {219--230},
  address = {New York, NY, USA},
  publisher = {ACM},
  acmid = {1341560},
  doi = {10.1145/1341531.1341560},
  isbn = {978-1-59593-927-2},
  keywords = {fake reviews, opinion spam, review analysis, review spam},
  location = {Palo Alto, California, USA},
  numpages = {12}
}

@ARTICLE{Kullback1951,
  author = {Kullback, S. and Leibler, R. A.},
  title = {On Information and Sufficiency},
  journal = {The Annals of Mathematical Statistics},
  year = {1951},
  volume = {22},
  pages = {79--86},
  number = {1},
  month = {03},
  ajournal = {Ann. Math. Statist.},
  doi = {10.1214/aoms/1177729694},
  publisher = {The Institute of Mathematical Statistics},
  url = {http://dx.doi.org/10.1214/aoms/1177729694}
}

@INPROCEEDINGS{Li2011,
  author = {Li, Fangtao and Huang, Minlie and Yang, Yi and Zhu, Xiaoyan},
  title = {Learning to Identify Review Spam},
  booktitle = {Proceedings of the Twenty-Second International Joint Conference on
	Artificial Intelligence - Volume Volume Three},
  year = {2011},
  series = {IJCAI'11},
  pages = {2488--2493},
  publisher = {AAAI Press},
  acmid = {2283811},
  doi = {10.5591/978-1-57735-516-8/IJCAI11-414},
  isbn = {978-1-57735-515-1},
  location = {Barcelona, Catalonia, Spain},
  numpages = {6}
}

@INPROCEEDINGS{Lim2010,
  author = {Lim, Ee-Peng and Nguyen, Viet-An and Jindal, Nitin and Liu, Bing
	and Lauw, Hady Wirawan},
  title = {Detecting Product Review Spammers Using Rating Behaviors},
  booktitle = {Proceedings of the 19\textsuperscript{th} ACM International Conference
	on Information and Knowledge Management},
  year = {2010},
  series = {CIKM '10},
  pages = {939--948},
  address = {New York, NY, USA},
  publisher = {ACM},
  acmid = {1871557},
  doi = {10.1145/1871437.1871557},
  isbn = {978-1-4503-0099-5},
  keywords = {review spammer, spamming behavior},
  location = {Toronto, ON, Canada},
  numpages = {10}
}

@BOOK{BingLiu2012,
  title = {Sentiment Analysis and Opinion Mining},
  publisher = {Morgan \& Claypool Publishers},
  year = {2012},
  author = {Bing Liu},
  series = {Synthesis Lectures on Human Language Technologies},
  added-at = {2012-06-15T00:00:00.000+0200},
  biburl = {http://www.bibsonomy.org/bibtex/2b75335d9b624c4db3a46f0aabdc1b33b/dblp},
  ee = {http://dx.doi.org/10.2200/S00416ED1V01Y201204HLT016},
  interhash = {182dff30f99f66ab076eccbc270d2864},
  intrahash = {b75335d9b624c4db3a46f0aabdc1b33b},
  keywords = {dblp},
  timestamp = {2012-06-15T00:00:00.000+0200},
  url = {http://dx.doi.org/10.2200/S00416ED1V01Y201204HLT016}
}

@INPROCEEDINGS{Mihalcea2006,
  author = {Mihalcea, Rada and Corley, Courtney and Strapparava, Carlo},
  title = {Corpus-based and Knowledge-based Measures of Text Semantic Similarity},
  booktitle = {Proceedings of the 21\textsuperscript{st} National Conference on
	Artificial Intelligence - Volume 1},
  year = {2006},
  series = {AAAI'06},
  pages = {775--780},
  publisher = {AAAI Press},
  acmid = {1597662},
  isbn = {978-1-57735-281-5},
  location = {Boston, Massachusetts},
  numpages = {6},
  url = {http://dl.acm.org/citation.cfm?id=1597538.1597662}
}

@ARTICLE{Moghaddam2013,
  author = {Moghaddam, Samaneh Abbasi},
  title = {{ASPECT-BASED OPINION MINING IN ONLINE REVIEWS}},
  year = {2013}
}

@INPROCEEDINGS{Moghaddam:2012:DLM:2396761.2396863,
  author = {Moghaddam, Samaneh and Ester, Martin},
  title = {On the Design of LDA Models for Aspect-based Opinion Mining},
  booktitle = {Proceedings of the 21st ACM International Conference on Information
	and Knowledge Management},
  year = {2012},
  series = {CIKM '12},
  pages = {803--812},
  address = {New York, NY, USA},
  publisher = {ACM},
  acmid = {2396863},
  doi = {10.1145/2396761.2396863},
  isbn = {978-1-4503-1156-4},
  keywords = {aspect identification, aspect-based opinion mining, latent dirichlet
	allocation, rating prediction, variational methods},
  location = {Maui, Hawaii, USA},
  numpages = {10},
  url = {http://doi.acm.org.globalproxy.cvt.dk/10.1145/2396761.2396863}
}

@INPROCEEDINGS{Mukherjee2013,
  author = {Mukherjee, Arjun and Kumar, Abhinav and Liu, Bing and Wang, Junhui
	and Hsu, Meichun and Castellanos, Malu and Ghosh, Riddhiman},
  title = {Spotting Opinion Spammers Using Behavioral Footprints},
  booktitle = {Proceedings of the 19\textsuperscript{th} ACM SIGKDD International
	Conference on Knowledge Discovery and Data Mining},
  year = {2013},
  series = {KDD '13},
  pages = {632--640},
  address = {New York, NY, USA},
  publisher = {ACM},
  acmid = {2487580},
  doi = {10.1145/2487575.2487580},
  isbn = {978-1-4503-2174-7},
  keywords = {abuse, deceptive and fake reviewer detection, opinion spam},
  location = {Chicago, Illinois, USA},
  numpages = {9}
}

@INPROCEEDINGS{Mukherjee2012,
  author = {Mukherjee, Arjun and Liu, Bing and Glance, Natalie},
  title = {Spotting Fake Reviewer Groups in Consumer Reviews},
  booktitle = {Proceedings of the 21\textsuperscript{st} International Conference
	on World Wide Web},
  year = {2012},
  series = {WWW '12},
  pages = {191--200},
  address = {New York, NY, USA},
  publisher = {ACM},
  acmid = {2187863},
  doi = {10.1145/2187836.2187863},
  isbn = {978-1-4503-1229-5},
  keywords = {fake review detection, group opinion spam, opinion spam},
  location = {Lyon, France},
  numpages = {10}
}

@INPROCEEDINGS{Mukherjee2013a,
  author = {Mukherjee, Arjun and Venkataraman, Vivek and Liu, Bing and Glance,
	Natalie},
  title = {What yelp fake review filter might be doing},
  booktitle = {Proceedings of the International Conference on Weblogs and Social
	Media},
  year = {2013}
}

@TECHREPORT{Mukherjee2013b,
  author = {Mukherjee, Arjun and Venkataraman, Vivek and Liu, Bing and Glance,
	Natalie},
  title = {Fake Review Detection: Classification and Analysis of Real and Pseudo
	Reviews},
  institution = {UIC-CS-03-2013. Technical Report},
  year = {2013}
}

@INPROCEEDINGS{Ott2011,
  author = {Ott, Myle and Choi, Yejin and Cardie, Claire and Hancock, Jeffrey
	T.},
  title = {Finding Deceptive Opinion Spam by Any Stretch of the Imagination},
  booktitle = {Proceedings of the 49\textsuperscript{th} Annual Meeting of the Association
	for Computational Linguistics: Human Language Technologies - Volume
	1},
  year = {2011},
  series = {HLT '11},
  pages = {309--319},
  address = {Stroudsburg, PA, USA},
  publisher = {Association for Computational Linguistics},
  acmid = {2002512},
  isbn = {978-1-932432-87-9},
  location = {Portland, Oregon},
  numpages = {11},
  url = {http://dl.acm.org/citation.cfm?id=2002472.2002512}
}

@MANUAL{R,
  title = {R: A Language and Environment for Statistical Computing},
  author = {{R Development Core Team}},
  organization = {R Foundation for Statistical Computing},
  address = {Vienna, Austria},
  year = {2008},
  note = {{ISBN} 3-900051-07-0},
  url = {http://www.R-project.org}
}

@MISC{SEMILAR,
  author = {Rus, Vasile and Lintean, Mihai and Banjade, Rajendra and Niraula,
	Nocal and Dan, Stefanescu},
  title = {SEMILAR: A Semantic Similarity Toolkit},
  year = {2014},
  lastchecked = {20-02-2014},
  url = {http://http://www.semanticsimilarity.org/}
}

@INPROCEEDINGS{Rus2013,
  author = {Rus, Vasile and Lintean, Mihai and Banjade, Rajendra and Niraula,
	Nocal and Dan, Stefanescu},
  title = {SEMILAR: The Semantic Similarity Toolkit},
  booktitle = {51st Annual Meeting of the Association for Computational Linguistics},
  year = {2013},
  abstract = {We present in this paper SEMILAR, the SE- Mantic simILARity toolkit.
	SEMILAR implements a number of algorithms for assessing the semantic
	similarity between two texts. It is available as a Java library and
	as a Java standalone application offering GUI-based access to the
	implemented semantic similarity methods. Furthermore, it offers facilities
	for manual semantic similarity annotation by experts through its
	component SEMILAT (a SEMantic simILarity Annotation Tool).},
  keywords = {SML-LIB-BIBLIO},
  mendeley-tags = {SML-LIB-BIBLIO}
}

@INCOLLECTION{raey,
  author = {Rus, Vasile and Niraula, Nobal and Banjade, Rajendra},
  title = {Similarity Measures Based on Latent Dirichlet Allocation},
  booktitle = {Computational Linguistics and Intelligent Text Processing},
  publisher = {Springer Berlin Heidelberg},
  year = {2013},
  editor = {Gelbukh, Alexander},
  volume = {7816},
  series = {Lecture Notes in Computer Science},
  pages = {459-470},
  doi = {10.1007/978-3-642-37247-6_37},
  isbn = {978-3-642-37246-9},
  keywords = {semantic similarity; paraphrase identification; unsupervised meaning
	derivation},
  url = {http://dx.doi.org/10.1007/978-3-642-37247-6_37}
}

@MISC{SaltonandBuckleyStopWordsAggresive,
  author = {Gerard Salton and Chris Buckley},
  title = {Onix Text Retrieval Toolkit},
  year = {2014},
  lastchecked = {20-02-2014},
  url = {http://www.lextek.com/manuals/onix/stopwords2.html}
}

@ARTICLE{Salton1988,
  author = {Salton, Gerard and Buckley, Christopher},
  title = {Term-weighting approaches in automatic text retrieval},
  journal = {Information Processing and Management: an International Journal},
  year = {1988},
  volume = {24},
  pages = {513--523},
  added-at = {2011-04-30T09:20:57.000+0200},
  address = {Tarrytown, NY, USA},
  biburl = {http://www.bibsonomy.org/bibtex/256b78513de0607a1401d17cfa104b9e0/mschuber},
  interhash = {4605fc5d206bd5cbc617c560584406bb},
  intrahash = {56b78513de0607a1401d17cfa104b9e0},
  keywords = {IR recommender-systems weight},
  publisher = {Pergamon Press, Inc.},
  timestamp = {2011-04-30T09:20:57.000+0200}
}

@INCOLLECTION{Salton1971,
  author = {Salton, G. and Lesk, M. E.},
  title = {Computer evaluation of indexing and text processing},
  booktitle = {The SMART Retrieval System -- Experiments in Automatic Document Processing.},
  publisher = {Prentice-Hall},
  year = {1971},
  editor = {Salton, G.},
  pages = {143--180},
  address = {Englewood Cliffs, NJ, USA},
  added-at = {2008-05-16T13:28:46.000+0200},
  biburl = {http://www.bibsonomy.org/bibtex/2a361ad415e54eb2b9bb3cebd870bc36d/sb3000},
  interhash = {466cec85bf8fb1e0973a73244bbff65d},
  intrahash = {a361ad415e54eb2b9bb3cebd870bc36d},
  keywords = {ir smart},
  timestamp = {2008-05-16T13:28:46.000+0200}
}

@MISC{StanfordNLPTagger,
  author = {Stanford},
  title = {Stanford Log-linear Part-Of-Speech Tagger},
  year = {2013},
  lastchecked = {20-02-2014},
  url = {http://nlp.stanford.edu/software/tagger.shtml}
}

@MISC{ELKI,
  author = {The ELKI Team},
  title = {ELKI: Environment for Developing KDD-Applications Supported by Index-Structures},
  year = {2014},
  lastchecked = {20-02-2014},
  url = {http://elki.dbs.ifi.lmu.de/}
}

@MISC{TheGuardian2013,
  author = {TheGuardian},
  title = {Fake reviews plague consumer websites},
  year = {2013},
  note = {Mike Deri Smith},
  lastchecked = {20-02-2014},
  url = {http://www.theguardian.com/money/2013/jan/26/fake-reviews-plague-consumer-websites}
}

@INPROCEEDINGS{Toutanova2003,
  author = {Toutanova, Kristina and Klein, Dan and Manning, Christopher D. and
	Singer, Yoram},
  title = {Feature-rich Part-of-speech Tagging with a Cyclic Dependency Network},
  booktitle = {Proceedings of the 2003 Conference of the North American Chapter
	of the Association for Computational Linguistics on Human Language
	Technology - Volume 1},
  year = {2003},
  series = {NAACL '03},
  pages = {173--180},
  address = {Stroudsburg, PA, USA},
  publisher = {Association for Computational Linguistics},
  acmid = {1073478},
  doi = {10.3115/1073445.1073478},
  location = {Edmonton, Canada},
  numpages = {8}
}

@ARTICLE{Wang2012,
  author = {Wang, Guan and Xie, Sihong and Liu, Bing and Yu, Philip S.},
  title = {Identify Online Store Review Spammers via Social Review Graph},
  journal = {ACM Trans. Intell. Syst. Technol.},
  year = {2012},
  volume = {3},
  pages = {61:1--61:21},
  number = {4},
  month = sep,
  acmid = {2337546},
  address = {New York, NY, USA},
  articleno = {61},
  doi = {10.1145/2337542.2337546},
  issn = {2157-6904},
  issue_date = {September 2012},
  keywords = {Spammer detection, review graph},
  numpages = {21},
  publisher = {ACM}
}

@MISC{SMART,
  author = {Wikipedia},
  title = {SMART Information Retrieval System},
  year = {2013},
  lastchecked = {20-02-2014},
  url = {http://en.wikipedia.org/wiki/SMART_Information_Retrieval_System}
}

@MISC{WordNet,
  author = {WordNet},
  title = {WordNet},
  year = {2013},
  lastchecked = {20-02-2014},
  url = {http://wordnet.princeton.edu}
}

@INPROCEEDINGS{Xie2012,
  author = {Xie, Sihong and Wang, Guan and Lin, Shuyang and Yu, Philip S.},
  title = {Review Spam Detection via Time Series Pattern Discovery},
  booktitle = {Proceedings of the 21\textsuperscript{st} International Conference
	Companion on World Wide Web},
  year = {2012},
  series = {WWW '12 Companion},
  pages = {635--636},
  address = {New York, NY, USA},
  publisher = {ACM},
  acmid = {2188164},
  doi = {10.1145/2187980.2188164},
  isbn = {978-1-4503-1230-1},
  keywords = {adversarial data mining, review spam, time series},
  location = {Lyon, France},
  numpages = {2}
}

@ARTICLE{Zengin2013,
  author = {Zengin, Mustafa and Carterette, Ben},
  title = {User judgements of document similarity},
  journal = {Clarke et al.[19]},
  year = {2013},
  pages = {17--18}
}

